<?xml version="1.0" encoding="UTF-8"?><collection xmlns="http://www.loc.gov/MARC21/slim"><record><leader>00440nam--2200145-i-4500</leader><controlfield tag="001">000013276</controlfield><controlfield tag="002">20161230</controlfield><controlfield tag="005">20161230201030</controlfield><controlfield tag="008">060222s1000------------r-----000-0-eng-d</controlfield><datafield ind1=" " ind2=" " tag="080"><subfield code="a">621.3.043.77:330.341:338.061</subfield></datafield><datafield ind1=" " ind2=" " tag="100"><subfield code="a">Draganescu, Mihai</subfield></datafield><datafield ind1=" " ind2=" " tag="245"><subfield code="a">A doua revolutie industriala. microelectronica, automatica, informatica-fact ori determinanti</subfield></datafield><datafield ind1=" " ind2=" " tag="260"><subfield code="a">Bucuresti, Editura Tehnica, 1980 308 P</subfield></datafield><datafield ind1=" " ind2=" " tag="490"><subfield code="a">Initiere</subfield></datafield><datafield ind1=" " ind2=" " tag="852"><subfield code="a">48014</subfield></datafield></record></collection>